<record><leader>00000cas a22000007a 4500</leader><controlfield tag="001">14408945</controlfield><controlfield tag="008">861017c18999999pauwr ne      0   a0eng d</controlfield><datafield ind1=" " ind2=" " tag="010"><subfield code="a">sn 86081889 </subfield></datafield><datafield ind1=" " ind2=" " tag="040"><subfield code="a">NPH</subfield><subfield code="b">eng</subfield><subfield code="c">NPH</subfield><subfield code="d">UPM</subfield><subfield code="d">DLC</subfield><subfield code="d">OCLCF</subfield></datafield><datafield ind1="0" ind2=" " tag="022"><subfield code="a">2327-6770</subfield><subfield code="2">1</subfield></datafield><datafield ind1="1" ind2=" " tag="029"><subfield code="a">AU@</subfield><subfield code="b">000025818242</subfield></datafield><datafield ind1=" " ind2=" " tag="042"><subfield code="a">msc</subfield><subfield code="a">nsdp</subfield></datafield><datafield ind1=" " ind2=" " tag="043"><subfield code="a">n-us-pa</subfield></datafield><datafield ind1="0" ind2="0" tag="050"><subfield code="a">Newspaper</subfield></datafield><datafield ind1="0" ind2="0" tag="082"><subfield code="a">071</subfield><subfield code="2">23</subfield></datafield><datafield ind1="0" ind2=" " tag="130"><subfield code="a">Fulton County news (McConnellsburg, Pa.)</subfield></datafield><datafield ind1=" " ind2="4" tag="222"><subfield code="a">The Fulton County news</subfield><subfield code="b">(McConnellsburg, Pa. Print)</subfield></datafield><datafield ind1="1" ind2="4" tag="245"><subfield code="a">The Fulton County news.</subfield></datafield><datafield ind1="1" ind2="0" tag="246"><subfield code="a">Fulton County news the Fulton County journal</subfield></datafield><datafield ind1=" " ind2=" " tag="260"><subfield code="a">McConnellsburg, Pa. :</subfield><subfield code="b">[s.n.]</subfield></datafield><datafield ind1=" " ind2=" " tag="300"><subfield code="a">v. :</subfield><subfield code="b">ill. ;</subfield><subfield code="c">59 cm.</subfield></datafield><datafield ind1=" " ind2=" " tag="310"><subfield code="a">Weekly</subfield></datafield><datafield ind1="1" ind2=" " tag="362"><subfield code="a">Began in 1899.</subfield><subfield code="z">Cf. Rossell, G.  Pa. newspapers.</subfield></datafield><datafield ind1=" " ind2=" " tag="500"><subfield code="a">Published as: Fulton County news the Fulton County journal, &lt;July 1983&gt;.</subfield></datafield><datafield ind1=" " ind2=" " tag="500"><subfield code="a">Publishers: Audrey Greathead Locke and Jamie Scott Greathead, &lt;1983&gt;.</subfield></datafield><datafield ind1=" " ind2=" " tag="530"><subfield code="a">Archived issues are available in digital format as part of the Library of Congress Chronicling America online collection.</subfield></datafield><datafield ind1=" " ind2=" " tag="588"><subfield code="a">Description based on: Vol. 1, no. 2 (Sept. 28, 1899).</subfield></datafield><datafield ind1=" " ind2=" " tag="588"><subfield code="a">Latest issue consulted:  110th year, no. 24 (June 17, 2010).</subfield></datafield><datafield ind1=" " ind2=" " tag="500"><subfield code="a">Editor: B.W. Peck.</subfield></datafield><datafield ind1=" " ind2="0" tag="651"><subfield code="a">McConnellsburg (Pa.)</subfield><subfield code="v">Newspapers.</subfield></datafield><datafield ind1=" " ind2="7" tag="655"><subfield code="a">Newspapers.</subfield><subfield code="2">fast</subfield><subfield code="0">(OCoLC)fst01423814</subfield></datafield><datafield ind1=" " ind2="7" tag="651"><subfield code="a">Pennsylvania</subfield><subfield code="z">McConnellsburg.</subfield><subfield code="2">fast</subfield><subfield code="0">(OCoLC)fst01223747</subfield></datafield><datafield ind1=" " ind2=" " tag="752"><subfield code="a">United States</subfield><subfield code="b">Pennsylvania</subfield><subfield code="c">Fulton</subfield><subfield code="d">McConnellsburg.</subfield></datafield><datafield ind1="1" ind2=" " tag="776"><subfield code="t">Fulton County news (McConnellsburg, Pa. : Online)</subfield><subfield code="x">2327-6789</subfield><subfield code="w">(DLC)  2013218672</subfield><subfield code="w">(OCoLC)832747524</subfield></datafield><datafield ind1="0" ind2="5" tag="780"><subfield code="t">Fulton County journal the Fulton democrat</subfield><subfield code="w">(DLC)sn 86082004</subfield><subfield code="w">(OCoLC)14762388</subfield></datafield><datafield ind1="4" ind2="1" tag="856"><subfield code="u">http://www.loc.gov/chroniclingamerica/lccn/sn86081889/issues</subfield></datafield></record>